<record><leader>00000cas a22000007a 4500</leader><controlfield tag="001">28859350</controlfield><controlfield tag="008">930920d19171925nmuwr ne      0    0eng d</controlfield><datafield ind1=" " ind2=" " tag="010"><subfield code="a">sn 93061550 </subfield></datafield><datafield ind1=" " ind2=" " tag="040"><subfield code="a">NVM</subfield><subfield code="b">eng</subfield><subfield code="c">NVM</subfield><subfield code="d">OCLCQ</subfield></datafield><datafield ind1=" " ind2=" " tag="042"><subfield code="a">msc</subfield></datafield><datafield ind1=" " ind2=" " tag="043"><subfield code="a">n-us-nm</subfield></datafield><datafield ind1="0" ind2="0" tag="245"><subfield code="a">San Jon sentinel and Quay County times.</subfield></datafield><datafield ind1=" " ind2=" " tag="260"><subfield code="a">San Jon, Quay County, N.M. :</subfield><subfield code="b">J.T. White</subfield></datafield><datafield ind1=" " ind2=" " tag="300"><subfield code="a">v.</subfield></datafield><datafield ind1=" " ind2=" " tag="310"><subfield code="a">Weekly</subfield></datafield><datafield ind1="0" ind2=" " tag="362"><subfield code="a">Vol. 1, no. 1 (June 8, 1917)-v. 9, no. 17 (Oct. 23, 1925).</subfield></datafield><datafield ind1=" " ind2=" " tag="515"><subfield code="a">Also continues the separate volume numbering of San Jon sentinel and Quay County times.</subfield></datafield><datafield ind1=" " ind2=" " tag="530"><subfield code="a">Also on microfilm: El Paso, Tex. : Southwest Micropublishing, Inc.</subfield></datafield><datafield ind1=" " ind2="4" tag="651"><subfield code="a">San Jon (N.M.)</subfield><subfield code="v">Newspapers.</subfield></datafield><datafield ind1=" " ind2="4" tag="651"><subfield code="a">Quay County (N.M.)</subfield><subfield code="v">Newspapers.</subfield></datafield><datafield ind1=" " ind2=" " tag="752"><subfield code="a">United States</subfield><subfield code="b">New Mexico</subfield><subfield code="c">Quay</subfield><subfield code="d">San Jon.</subfield></datafield><datafield ind1="0" ind2="4" tag="780"><subfield code="t">San Jon sentinel</subfield><subfield code="w">(DLC)sn 93061544</subfield></datafield><datafield ind1="0" ind2="4" tag="780"><subfield code="t">Quay County times</subfield><subfield code="w">(DLC)sn 93061543</subfield></datafield><datafield ind1="1" ind2=" " tag="029"><subfield code="a">AU@</subfield><subfield code="b">000025869453</subfield></datafield></record>